@article{Tange2011a,
  title = {GNU Parallel - The Command-Line Power Tool},
  author = {O. Tange},
  journal = {The USENIX Magazine},
  url = {http://www.gnu.org/s/parallel},
  year = {2011},
  doi = {10.5281/zenodo.16303}
}

@Article{Adlercreutzia,
   Author = {Maruo, T.  and Sakamoto, M.  and Ito, C.  and Toda, T.  and Benno, Y.},
   Title = {Adlercreutzia equolifaciens gen. nov., sp. nov., an equol-producing bacterium isolated from human faeces, and emended description of the genus {E}ggerthella},
   Journal = {Int J Syst Evol Microbiol},
   Year = {2008}
}

@Article{equol,
   Author = {Zheng, W.  and Ma, Y.  and Zhao, A.  and He, T.  and Lyu, N.  and Pan, Z.  and Mao, G.  and Liu, Y.  and Li, J.  and Wang, P.  and Wang, J.  and Zhu, B.  and Zhang, Y.},
   Title = {{C}ompositional and functional differences in human gut microbiome with respect to equol production and its association with blood lipid level: a cross-sectional study},
   Journal = {Gut Pathog},
   Year = {2019}
}

@Article{origin1,
   Author = {Feng, Q.  and Liang, S.  and Jia, H.  and Stadlmayr, A.  and Tang, L.  and Lan, Z.  and Zhang, D.  and Xia, H.  and Xu, X.  and Jie, Z.  and Su, L.  and Li, X.  and Li, X.  and Li, J.  and Xiao, L.  and Huber-Schönauer, U.  and Niederseer, D.  and Xu, X.  and Al-Aama, J. Y.  and Yang, H.  and Wang, J.  and Kristiansen, K.  and Arumugam, M.  and Tilg, H.  and Datz, C.  and Wang, J.},
   Title= {Gut microbiome development along the colorectal adenoma-carcinoma sequence},
   Journal = {Nat Commun},
   Year = {2015}
}

@Article{origin2,
   Author = {Le Chatelier, Emmanuelle et al.},
   Title = {Richness of human gut microbiome correlates with metabolic markers},
   Journal = {Nature},
   Year = {2013}
}

@Article{origin3,
   Author = {Li, J., Jia, H., Cai, X. et al.},
   Title = {An integrated catalog of reference genes in the human gut microbiome},
   Journal = {Nat Biotechnol},
   Year = {2014}
}

@Article{origin4,
   Author = {Xie, Hailiang et al.},
   Title = {Shotgun Metagenomics of 250 Adult Twins Reveals Genetic and Environmental Impacts on the Gut Microbiome},
   Journal = {Cell Syst},
   Year = {2016}
}

@Article{origin5,
   Author = {Wampach, L.  and Heintz-Buschart, A.  and Fritz, J. V.  and Ramiro-Garcia, J.  and Habier, J.  and Herold, M.  and Narayanasamy, S.  and Kaysen, A.  and Hogan, A. H.  and Bindl, L.  and Bottu, J.  and Halder, R.  and Sjöqvist, C.  and May, P.  and Andersson, A. F.  and de Beaufort, C.  and Wilmes, P.},
   Title = {Birth mode is associated with earliest strain-conferred gut microbiome functions and immunostimulatory potential},
   Journal = {Nat Commun},
   Year = {2018}
}

@Article{phylophlan,
   Author={Asnicar, F.  and Thomas, A. M.  and Beghini, F.  and Mengoni, C.  and Manara, S.  and Manghi, P.  and Zhu, Q.  and Bolzan, M.  and Cumbo, F.  and May, U.  and Sanders, J. G.  and Zolfo, M.  and Kopylova, E.  and Pasolli, E.  and Knight, R.  and Mirarab, S.  and Huttenhower, C.  and Segata, N.},
   Title={{P}recise phylogenetic analysis of microbial isolates and genomes from metagenomes using {P}hylo{P}hl{A}n 3.0},
   Journal={Nat Commun},
   Year={2020}
}

@Article{prokka,
   Author={Seemann, T.},
   Title={{P}rokka: rapid prokaryotic genome annotation},
   Journal={Bioinformatics},
   Year={2014}
}

@article{anvio,
   title = {Community-led, integrated, reproducible multi-omics with anvio},
   author = {Eren, A.M., Kiefl, E., Shaiber, A. et al.},
   journal = {Nat Microbiol},
   url = {https://www.nature.com/articles/s41564-020-00834-3},
   year = {2021},
   doi ={https://doi.org/10.1038/s41564-020-00834-3}
}